@phdthesis{CryogenicProjPhd,
  author      = {Harald, Homulle},
  school      = {Delft University of Technology},
  title       = {Cryogenic electronics for the read-out of quantum processors},
  year        = {2019}
}
@techreport{GasserProjSem,
  author      = {Gasser,Julien},
  institution = {HEPIA,Filière microtechnique
                 , Laboratoire d'optique appliquée à l'échelle micro et nanométrique},
  title       = {Etude de faisabilité d’une détection distribuée de la température dans une fibre optique},
  year        = {2020}
}
@techreport{GasserProjBsc,
  author      = {Gasser,Julien},
  institution = {HEPIA,Filière microtechnique
                , Laboratoire d'optique appliquée à l'échelle micro et nanométrique},
  title       = {Détection distribuée de la température dans une
                fibre optique},
  year        = {2020},
  type = {Bsc thesis}
}
@techreport{CorradinProjSem,
  author      = {Corradin,Luca},
  institution = {HEPIA,Filière microtechnique
                , Laboratoire d'optique appliquée à l'échelle micro et nanométrique},
  title       = {Mesure à basses températures avec
                un thermomètre à fibre optique},
  year        = {2022}
}
@techreport{CorradinProjBsc,
  author      = {Corradin,Luca},
  institution = {HEPIA,Filière microtechnique
                , Laboratoire d'optique appliquée à l'échelle micro et nanométrique},
  title       = {Mesure à basses température avec un
                thermomètre à fibre optique},
  year        = {2022},
  type = {Bsc thesis}
}

@techreport{IPC,
  author      = {IPC-2221 Task Group, D-31b},
  institution = {IPC},
  title       = {IPC-2221A, Generic Standard on
                 Printed Board Design},
  year        = {2003},
  type = {Norm}
}

@techreport{CERN,
  author      = {A. Perin, R. Macias Jareño, and L.Metral},
  institution = {CERN},
  title       = {STUDY OF MATERIALS AND ADHESIVES
                FOR SUPERCONDUCTING CABLE FEEDTHROUGHS},
  year        = {2001},
  type = {Project Report}
}

@techreport{Pill,
  author      = {Mom},
  institution = {UGLY},
  title       = {SHEESH},
  year        = {2001},
  type = {Project Report}
}